<record xmlns="http://www.loc.gov/MARC21/slim" xmlns:xsi="http://www.w3.org/2001/XMLSchema-instance" xsi:schemaLocation="http://www.loc.gov/MARC21/slim http://www.loc.gov/standards/marcxml/schema/MARC21slim.xsd"><leader>02273nam a2200433   4500</leader><controlfield tag="001">3073394</controlfield><controlfield tag="003">NNC</controlfield><controlfield tag="006">m        d        </controlfield><controlfield tag="007">cr cn |||m|||a</controlfield><controlfield tag="008">150223s1959    ir c    o     000 0 ara d</controlfield><datafield ind1=" " ind2=" " tag="040"><subfield code="a">NNU</subfield><subfield code="b">eng</subfield><subfield code="e">rda</subfield><subfield code="c">NNU</subfield></datafield><datafield ind1=" " ind2="4" tag="050"><subfield code="a">BP193</subfield><subfield code="b">.A28</subfield></datafield><datafield ind1="1" ind2=" " tag="100"><subfield code="6">880-01</subfield><subfield code="a">A&#772;gha&#772; Buzurg al-T&#803;ihra&#772;ni&#772;, Muh&#803;ammad Muh&#803;sin,</subfield><subfield code="d">1875-1970.</subfield></datafield><datafield ind1="1" ind2="0" tag="245"><subfield code="6">880-02</subfield><subfield code="a">Mus&#803;affa&#772; al-maqa&#772;l fi&#772; mus&#803;annifi&#772; &#699;ilm al-rija&#772;l.</subfield></datafield><datafield ind1=" " ind2=" " tag="250"><subfield code="6">880-03</subfield><subfield code="a">al-T&#803;ab&#699;ah 1.</subfield></datafield><datafield ind1=" " ind2=" " tag="260"><subfield code="6">880-04</subfield><subfield code="a">[T&#803;ihra&#772;n] :</subfield><subfield code="b">[Chapkha&#772;na-yi Dawlati&#772; I&#772;ra&#772;n],</subfield><subfield code="c">[1959.]</subfield></datafield><datafield ind1=" " ind2=" " tag="300"><subfield code="a">online resource (226 pages ; columns.) :</subfield><subfield code="b">portrait</subfield></datafield><datafield ind1=" " ind2=" " tag="336"><subfield code="a">text</subfield><subfield code="2">rdacontent</subfield></datafield><datafield ind1=" " ind2=" " tag="337"><subfield code="a">computer</subfield><subfield code="2">rdamedia</subfield></datafield><datafield ind1=" " ind2=" " tag="338"><subfield code="a">online resource</subfield><subfield code="2">rdacarrier</subfield></datafield><datafield ind1=" " ind2=" " tag="500"><subfield code="a">Part of the Arabic Collections Online (ACO) project, contributed by Columbia University Libraries.</subfield></datafield><datafield ind1=" " ind2=" " tag="533"><subfield code="a">Electronic reproduction.</subfield><subfield code="b">New York, N.Y. :</subfield><subfield code="c">New York University,</subfield><subfield code="d">2015.</subfield><subfield code="5">NNU</subfield></datafield><datafield ind1=" " ind2="0" tag="650"><subfield code="a">Shiites</subfield><subfield code="v">Biography.</subfield></datafield><datafield ind1=" " ind2="0" tag="650"><subfield code="a">Arabic literature</subfield><subfield code="v">Bio-bibliography.</subfield></datafield><datafield ind1=" " ind2="7" tag="650"><subfield code="a">Arabic literature.</subfield><subfield code="2">fast</subfield><subfield code="0">(OCoLC)fst00812478</subfield></datafield><datafield ind1=" " ind2="7" tag="650"><subfield code="a">Shiites.</subfield><subfield code="2">fast</subfield><subfield code="0">(OCoLC)fst01115976</subfield></datafield><datafield ind1=" " ind2="7" tag="655"><subfield code="a">Bio-bibliography.</subfield><subfield code="2">fast</subfield><subfield code="0">(OCoLC)fst01423685</subfield></datafield><datafield ind1=" " ind2="7" tag="655"><subfield code="a">Biography.</subfield><subfield code="2">fast</subfield><subfield code="0">(OCoLC)fst01423686</subfield></datafield><datafield ind1="2" ind2=" " tag="710"><subfield code="a">Columbia University.</subfield><subfield code="b">Libraries.</subfield></datafield><datafield ind1="0" ind2=" " tag="730"><subfield code="a">Arabic Collections Online.</subfield></datafield><datafield ind1="0" ind2="8" tag="776"><subfield code="i">Online version:</subfield><subfield code="a">A&#772;gha&#772; Buzurg al-T&#803;ihra&#772;ni&#772;, Muh&#803;ammad Muh&#803;sin, 1875-1970.</subfield><subfield code="t">Mus&#803;affa&#772; al-maqa&#772;l fi&#772; mus&#803;annifi&#772; &#699;ilm al-rija&#772;l.</subfield><subfield code="b">al-T&#803;ab&#699;ah 1.</subfield><subfield code="d">[Tehran : Chapkha&#772;na-yi Dawlati&#772; I&#772;ran, 1959</subfield><subfield code="w">(OCoLC)639455272</subfield></datafield><datafield ind1="0" ind2="8" tag="776"><subfield code="i">Print version:</subfield><subfield code="a">A&#772;gha&#772; Buzurg al-T&#803;ihra&#772;ni&#772;, Muh&#803;ammad Muh&#803;sin, 1875-1970.</subfield><subfield code="t">Mus&#803;affa&#772; al-maqa&#772;l fi&#772; mus&#803;annifi&#772; &#699;ilm al-rija&#772;l</subfield><subfield code="w">(NNC)3073394</subfield><subfield code="w">(DLC)   91970290 </subfield><subfield code="w">(OCoLC)23492219</subfield></datafield><datafield ind1="4" ind2="0" tag="856"><subfield code="u">http://hdl.handle.net/2333.1/2v6wwrrb</subfield></datafield><datafield ind1="1" ind2=" " tag="880"><subfield code="6">100-01/r</subfield><subfield code="a">&#1570;&#1594;&#1575; &#1576;&#1586;&#1585;&#1711; &#1575;&#1604;&#1591;&#1607;&#1585;&#1575;&#1606;&#1609;&#1548; &#1605;&#1581;&#1605;&#1583; &#1605;&#1581;&#1587;&#1606;&#1548;</subfield><subfield code="d">1875-1970.</subfield></datafield><datafield ind1="1" ind2="0" tag="880"><subfield code="6">245-02/r</subfield><subfield code="a">&#1605;&#1589;&#1601;&#1575; &#1575;&#1604;&#1605;&#1602;&#1575;&#1604; &#1601;&#1610; &#1605;&#1589;&#1606;&#1601;&#1610; &#1593;&#1604;&#1605; &#1575;&#1604;&#1585;&#1580;&#1575;&#1604;.</subfield></datafield><datafield ind1=" " ind2=" " tag="880"><subfield code="6">250-03/r</subfield><subfield code="a">&#1575;&#1604;&#1591;&#1576;&#1593;&#1577; 1.</subfield></datafield><datafield ind1=" " ind2=" " tag="880"><subfield code="6">260-04/r</subfield><subfield code="a">[&#1591;&#1607;&#1585;&#1575;&#1606;] :</subfield><subfield code="b">[&#1670;&#1662;&#1582;&#1575;&#1606;&#1610; &#1583;&#1608;&#1604;&#1578;&#1610; &#1575;&#1610;&#1585;&#1575;&#1606;]&#1548;</subfield><subfield code="c">[1959.]</subfield></datafield><datafield ind1=" " ind2=" " tag="959"><subfield code="a">NNU</subfield><subfield code="b">WEB</subfield><subfield code="c">GENI</subfield><subfield code="t">0</subfield><subfield code="m">Electronic access</subfield><subfield code="s">01</subfield></datafield><datafield ind1=" " ind2=" " tag="999"><subfield code="i">NNC_3073394</subfield><subfield code="o">(OCoLC)23492219</subfield><subfield code="e">OK</subfield><subfield code="s">columbia_aco000072</subfield></datafield></record>